@book{KR,
   author = {B. W. Kernighan and D. M. Ritchie},
   title = {The {C} Programming Language, Second Edition},
   publisher = {Prentice-Hall},
   address = {Englewood Cliffs, New Jersey},
   year = {1988}
}

@book{wsp,
  title={Weniger schlecht programmieren},
  author={Passig, K. and Jander, J.},
  year={2013},
  publisher={O'Reilly}
}
@book{cc,
  title={Clean Code: A Handbook of Agile Software Craftsmanship},
  author={Martin, R.C.},
  year={2008},
  publisher={Pearson Education}
}
